@inproceedings{bolivar2014,
  author       = {Carlos G. Bolívar-Vincenty and Gerson Beauchamp-Báez},
  title        = {Modeling the Ball-and-Beam System From Newtonian Mechanics and From Lagrange Methods},
  booktitle    = {12th Latin American and Caribbean Conference for Engineering and Technology (LACCEI)},
  year         = {2014},
  address      = {Guayaquil, Ecuador},
  month        = {July},
  organization = {LACCEI},
  url          = {https://laccei.org/LACCEI2014-Guayaquil/RefereedPapers/RP152.pdf},
}


@misc{mager2015,
  author       = {Lutz Mager},
  title        = {Schematic of Ball-and-Beam System},
  year         = {2015},
  url          = {https://commons.wikimedia.org/w/index.php?curid=48022118},
  note         = {Licensed under CC BY-SA 4.0}
}
