@inproceedings{bolivar2014,
  author       = "{Carlos G. Bolívar-Vincenty and Gerson Beauchamp-Báez}",
  title        = "{Modeling the Ball-and-Beam System From Newtonian Mechanics and From Lagrange Methods}",
  booktitle    = "{12th Latin American and Caribbean Conference for Engineering and Technology (LACCEI)}",
  year         = {2014},
  address      = {Guayaquil, Ecuador},
  month        = {July},
  organization = {LACCEI},
  url          = {https://laccei.org/LACCEI2014-Guayaquil/RefereedPapers/RP176.pdf},
}

@INPROCEEDINGS{umar2022,
  author="{Umar, Abubakar and Haruna, Zaharuddeen and Mu’azu, Muhammed B. and Shilintang, Stephen G. and Usman, Nafisa S. and Adekale, Abdulfatai D.}",
  booktitle="{2022 IEEE Nigeria 4th International Conference on Disruptive Technologies for Sustainable Development (NIGERCON)}", 
  title="{Performance Analysis of a Ball-on-Sphere System using Linear Quadratic Regulator Controller}", 
  year={2022},
  volume={},
  number={},
  pages={1-5},
  keywords={Regulators;Conferences;Benchmark testing;Control systems;Mathematical models;Performance analysis;Sustainable development;Ball on sphere system;linear quadratic regulator;optimal control law;weighting matrices},
  doi={10.1109/NIGERCON54645.2022.9803011}}


@misc{mager2015,
  author       = {Lutz Mager},
  title        = "{Schematic of Ball-and-Beam System}",
  year         = {2015},
  url          = {https://commons.wikimedia.org/w/index.php?curid=48022118},
  note         = {Licensed under CC BY-SA 4.0}
}


@INPROCEEDINGS{norlaner2003,
  author={Norlander, Hans},
  booktitle="{2003 European Control Conference (ECC)}", 
  title="{Parameterization of state feedback gains for pole placement}", 
  year={2003},
  volume={},
  number={},
  pages={115-120},
  keywords={Polynomials;State feedback;Closed loop systems;Mathematical model;Open loop systems;Linear systems;Linear systems;state feedback control;multi-input;pole placement;Ackermann's formula},
  doi={10.23919/ECC.2003.7084941}}

@misc{ball_beam_simulink,
  author       = "{University of Michigan Control Tutorials for MATLAB and Simulink (CTMS)}",
  title        = "{Ball and Beam: Simulink/Simscape Example}",
  year         = {2024},
  url          = {https://ctms.engin.umich.edu/CTMS/index.php?example=BallBeam&section=SimulinkSimscape},
  note         = {Accessed: 2024-12-04}
}

@misc{github_repo,
  author = {Alexander Brown},
  howpublished = {Github repository},
  title = "{Beam\_and\_Ball\_Controller\_Design}",
  url = {https://github.com/alexanderbr0wn/Beam_and_Ball_Controller_Design},
  year = {2024}
}